@online{uci,
    author = {Dua, Dheeru and Graff, Casey},
    year = {2017},
    title = {{UCI} Machine Learning Repository -- Census Income Data Set},
    url = {https://archive.ics.uci.edu/ml/datasets/Census+Income},
    institution = {University of California, Irvine, School of Information and Computer Sciences},
}

@InProceedings{ pandas,
  author    = { Wes McKinney },
  title     = { Data Structures for Statistical Computing in Python },
  booktitle = { Proceedings of the 9th Python in Science Conference },
  pages     = { 51 - 56 },
  year      = { 2010 },
  editor    = { St\'efan van der Walt and Jarrod Millman }
}

@book{python,
 author = {Van Rossum, Guido and Drake, Fred L.},
 title = {Python 3 Reference Manual},
 year = {2009},
 isbn = {1441412697},
 publisher = {CreateSpace},
 address = {Scotts Valley, CA}
}
