@online{uci,
    author = {Dua, Dheeru and Graff, Casey},
    year = {2017},
    title = {{UCI} Machine Learning Repository -- Census Income Data Set},
    url = {https://archive.ics.uci.edu/ml/datasets/Census+Income},
    institution = {University of California, Irvine, School of Information and Computer Sciences},
}

@article{king01,
    title = {Logistic Regression in Rare Events Data},
    author = {Gary King and Langhe Zeng},
    year = {2001},
    journal = {Society for Political Methodology},
    pages = {137 -- 163},

}

@article{scikit-learn,
 title={Scikit-learn: Machine Learning in {P}ython},
 author={Pedregosa, F. and Varoquaux, G. and Gramfort, A. and Michel, V.
         and Thirion, B. and Grisel, O. and Blondel, M. and Prettenhofer, P.
         and Weiss, R. and Dubourg, V. and Vanderplas, J. and Passos, A. and
         Cournapeau, D. and Brucher, M. and Perrot, M. and Duchesnay, E.},
 journal={Journal of Machine Learning Research},
 volume={12},
 pages={2825--2830},
 year={2011}
}

@InProceedings{pandas,
  author    = { Wes McKinney },
  title     = { Data Structures for Statistical Computing in Python },
  booktitle = { Proceedings of the 9th Python in Science Conference },
  pages     = { 51 - 56 },
  year      = { 2010 },
  editor    = { St\'efan van der Walt and Jarrod Millman }
}

@book{python,
 author = {Van Rossum, Guido and Drake, Fred L.},
 title = {Python 3 Reference Manual},
 year = {2009},
 isbn = {1441412697},
 publisher = {CreateSpace},
 address = {Scotts Valley, CA}
}
